
@misc{imaterialist,
    author = {Christine Kaeser-Chen and david shi and Maggie and Menglin Jia and Mihail Sirotenko and Will Cukierski},
    title = {iMaterialist (Fashion) 2020 at FGVC7},
    publisher = {Kaggle},
    year = {2020},
    url = {https://www.kaggle.com/competitions/imaterialist-fashion-2020-fgvc7/data}
}

@misc{statista,
    author = {Abigail Orús},
    title = {Peso de las ventas moda online sobre el total de los ingresos generados por las ventas de ropa en España de 2012 a 2022},
    publisher = {Statista},
    year = {2023},
    url = {https://es.statista.com/estadisticas/1027850/cuota-de-venta-de-prendas-de-ropa-por-internet-en-espana/}
}


@misc{ley-proteccion-datos,
  title={Ley Org{\'a}nica 3/2018, de 5 de diciembre, de Protecci{\'o}n de Datos Personales y garant{\'\i}a de los derechos digitales},
  author={del Estado, Espa{\~n}a Jefatura},
  year={2021}
}

@misc{ley-tecnologia,
  title={Ley 14/2011, de 1 de junio, de la Ciencia, la Tecnolog{\'\i}a y la Innovaci{\'o}n},
  author={de Espa{\~n}a, Gobierno},
  journal={Bolet{\'\i}n Oficial del Estado n{\textordmasculine} 131, de 2 de junio},
  pages={54387--54455},
  year={2011}
}

@misc{ley-propiedad-intelectual,
  title = {Real Decreto Legislativo 1/1996, de 12 de abril, por el que se aprueba el texto refundido de la Ley de Propiedad Intelectual, regularizando, aclarando y armonizando las disposiciones legales vigentes sobre la materia.},
  publisher = {Boe.es},
  year = {1996},
  url = {https://www.boe.es/eli/es/rdlg/1996/04/12/1/con}
}
@misc{estadisticas-moda,
  title = {El sector de la moda en España, en cifras},
  author = {Manuel Xirau},
  publisher = {Forbes.es},
  year = {2020},
  url = {https://forbes.es/empresas/78279/el-sector-de-la-moda-en-espana-en-cifras/}
}

@misc{alma,
  title = {Cómo los sistemas de recomendación pueden ayudarte a conseguir más ventas},
  author = {Alma Muñoz},
  publisher = {saleslayer.com},
  year = {2021},
  url = {https://blog.saleslayer.com/es/sistemas-recomendacion-ecommerce}
}

@misc{cv-ejemplo,
  title = {Detección de caras con el software OpenCV},
  publisher = {Wikipedia},
  year = {1998},
  url = {https://commons.wikimedia.org/wiki/File:Face_detection_example_openCV.jpg}
}

@misc{cnn-ibm,
  title = {¿Qué son las redes neuronales convolucionales?},
  publisher = {IBM},
  url = {https://www.ibm.com/es-es/topics/convolutional-neural-networks}

}

@misc{red,
  title = {¿Qué son las Redes Neuronales Artificiales?},
  author={Ligdi González},
  publisher = {https://aprendeia.com/},
  year={2021},
  url = {https://aprendeia.com/que-son-las-redes-neuronales-artificiales/}
}
@article{stanford-paper,
  title={Image-based product recommendation system with convolutional neural networks},
  author={Chen, Luyang and Yang, Fan and Yang, Heqing},
  year={2017},
  publisher={Stanford University. http://cs231n. stanford. edu/reports/2017/pdfs/105. pdf}
}

@ARTICLE{image-based-paper,
  title={Image-based service recommendation system: A JPEG-coefficient RFs approach},
  author={Ullah, Farhan and Zhang, Bofeng and Khan, Rehan Ullah},
  journal={IEEE access},
  volume={8},
  pages={3308--3318},
  year={2019},
  publisher={IEEE}
  }

@article{vgg,
  publisher={datascientest.com},
  title={VGG: ¿Qué es este modelo? ¡Daniel te lo cuenta todo!},
  year={2022},
  url={https://datascientest.com/es/vgg-que-es-este-modelo-daniel-te-lo-cuenta-todo}
}

@article{sueldo,
  publisher={talent.com},
  title={Salario medio para Ingeniero Informático en España, 2023},
  year={2023},
  url={https://es.talent.com/salary?job=ingeniero+inform%C3%A1tico}
}

@article{u2net,
  title={U2-Net: Going deeper with nested U-structure for salient object detection},
  author={Qin, Xuebin and Zhang, Zichen and Huang, Chenyang and Dehghan, Masood and Zaiane, Osmar R and Jagersand, Martin},
  journal={Pattern recognition},
  volume={106},
  pages={107404},
  year={2020},
  publisher={Elsevier}
}

@article{u2net-gh,
  publisher={github.com/},
  title={U-2-Net},
  author={Xuebin Qin and Zichen Zhang and Chenyang Huang and Masood Dehghan and Osmar R. Zaiane and Martin Jagersand},
  year={2022},
  url={https://github.com/xuebinqin/U-2-Net}
}


@misc{vgg16-paper,
  title={Very deep convolutional networks for large-scale image recognition},
  author={Simonyan, Karen and Zisserman, Andrew},
  journal={arXiv preprint arXiv:1409.1556},
  year={2014}
}

@misc{art-vgg,
      title={VGG-16 | CNN model}, 
      url= {https://www.geeksforgeeks.org/vgg-16-cnn-model/},
}

@article{alexNet,
  title={Imagenet classification with deep convolutional neural networks},
  author={Krizhevsky, Alex and Sutskever, Ilya and Hinton, Geoffrey E},
  journal={Advances in neural information processing systems},
  volume={25},
  year={2012}
}

@inproceedings{googleNet,
  title={Going deeper with convolutions},
  author={Szegedy, Christian and Liu, Wei and Jia, Yangqing and Sermanet, Pierre and Reed, Scott and Anguelov, Dragomir and Erhan, Dumitru and Vanhoucke, Vincent and Rabinovich, Andrew},
  booktitle={Proceedings of the IEEE conference on computer vision and pattern recognition},
  pages={1--9},
  year={2015}
}

@inproceedings{resNet,
  title={Deep residual learning for image recognition},
  author={He, Kaiming and Zhang, Xiangyu and Ren, Shaoqing and Sun, Jian},
  booktitle={Proceedings of the IEEE conference on computer vision and pattern recognition},
  pages={770--778},
  year={2016}
}

@inproceedings{zfnet,
  title={Visualizing and understanding convolutional networks},
  author={Zeiler, Matthew D and Fergus, Rob},
  booktitle={Computer Vision--ECCV 2014: 13th European Conference, Zurich, Switzerland, September 6-12, 2014, Proceedings, Part I 13},
  pages={818--833},
  year={2014},
  organization={Springer}
}

@INPROCEEDINGS{imageNet,
  author={Deng, Jia and Dong, Wei and Socher, Richard and Li, Li-Jia and Kai Li and Li Fei-Fei},
  booktitle={2009 IEEE Conference on Computer Vision and Pattern Recognition}, 
  title={ImageNet: A large-scale hierarchical image database}, 
  year={2009},
  volume={},
  number={},
  pages={248-255},
  doi={10.1109/CVPR.2009.5206848}}

  @inproceedings{unet,
  title={U-net: Convolutional networks for biomedical image segmentation},
  author={Ronneberger, Olaf and Fischer, Philipp and Brox, Thomas},
  booktitle={Medical Image Computing and Computer-Assisted Intervention--MICCAI 2015: 18th International Conference, Munich, Germany, October 5-9, 2015, Proceedings, Part III 18},
  pages={234--241},
  year={2015},
  organization={Springer}
}

@article{segNet,
  title={Segnet: A deep convolutional encoder-decoder architecture for image segmentation},
  author={Badrinarayanan, Vijay and Kendall, Alex and Cipolla, Roberto},
  journal={IEEE transactions on pattern analysis and machine intelligence},
  volume={39},
  number={12},
  pages={2481--2495},
  year={2017},
  publisher={IEEE}
}

@inproceedings{rcnn,
  title={Mask r-cnn},
  author={He, Kaiming and Gkioxari, Georgia and Doll{\'a}r, Piotr and Girshick, Ross},
  booktitle={Proceedings of the IEEE international conference on computer vision},
  pages={2961--2969},
  year={2017}
}

@article{deeplab,
  title={Deeplab: Semantic image segmentation with deep convolutional nets, atrous convolution, and fully connected crfs},
  author={Chen, Liang-Chieh and Papandreou, George and Kokkinos, Iasonas and Murphy, Kevin and Yuille, Alan L},
  journal={IEEE transactions on pattern analysis and machine intelligence},
  volume={40},
  number={4},
  pages={834--848},
  year={2017},
  publisher={IEEE}
}